<?xml version="1.0" encoding="UTF-8"?><collection xmlns="http://www.loc.gov/MARC21/slim"><record><leader>00398nam--2200109-i-4500</leader><controlfield tag="001">000034723</controlfield><controlfield tag="002">20161230</controlfield><controlfield tag="005">20161230201040</controlfield><controlfield tag="008">060222s1000------------r-----000-0-eng-d</controlfield><datafield ind1=" " ind2=" " tag="245"><subfield code="a">Nato advanced study institutes series series e.applied sciences, noordhoff international publ. leiden.exploitation of seismograph networks.ed. by:k.g.beauchamp</subfield></datafield><datafield ind1=" " ind2=" " tag="260"><subfield code="a">Noordhoff, Leiden, 1975. Xi + 647p</subfield></datafield><datafield ind1=" " ind2=" " tag="852"><subfield code="a">45736</subfield></datafield></record></collection>